@article{mcardletermtalk,
  title={termtalk},
  author={McArdle, Eddie}
}
@inproceedings{hu2010,
  title={Translation by iterative collaboration between monolingual users},
  author={Hu, Chang and Bederson, Benjamin B and Resnik, Philip},
  booktitle={Proceedings of Graphics Interface 2010},
  pages={39--46},
  year={2010},
  organization={Canadian Information Processing Society}
}
@article{bernstein2015,
  title={Soylent: a word processor with a crowd inside},
  author={Bernstein, Michael S and Little, Greg and Miller, Robert C and Hartmann, Bj{\"o}rn and Ackerman, Mark S and Karger, David R and Crowell, David and Panovich, Katrina},
  journal={Communications of the ACM},
  volume={58},
  number={8},
  pages={85--94},
  year={2015},
  publisher={ACM}
}
@inproceedings{biewald2011,
  title={Massive multiplayer human computation for fun, money, and survival},
  author={Biewald, Lukas},
  booktitle={International Conference on Web Engineering},
  pages={171--176},
  year={2011},
  organization={Springer}
}
@inproceedings{bigham2010,
  title={VizWiz: nearly real-time answers to visual questions},
  author={Bigham, Jeffrey P and Jayant, Chandrika and Ji, Hanjie and Little, Greg and Miller, Andrew and Miller, Robert C and Miller, Robin and Tatarowicz, Aubrey and White, Brandyn and White, Samual and others},
  booktitle={Proceedings of the 23nd annual ACM symposium on User interface software and technology},
  pages={333--342},
  year={2010},
  organization={ACM}
}
@inproceedings{callison2010,
  title={Creating speech and language data with Amazon's Mechanical Turk},
  author={Callison-Burch, Chris and Dredze, Mark},
  booktitle={Proceedings of the NAACL HLT 2010 Workshop on Creating Speech and Language Data with Amazon's Mechanical Turk},
  pages={1--12},
  year={2010},
  organization={Association for Computational Linguistics}
}
@inproceedings{chen2010,
  title={Sms-based web search for low-end mobile devices},
  author={Chen, Jay and Subramanian, Lakshmi and Brewer, Eric},
  booktitle={Proceedings of the sixteenth annual international conference on Mobile computing and networking},
  pages={125--136},
  year={2010},
  organization={ACM}
}
@inproceedings{chan2009,
  title={Mathematical modeling of social games},
  author={Chan, Kam Tong and King, Irwin and Yuen, Man-Ching},
  booktitle={Computational Science and Engineering, 2009. CSE'09. International Conference on},
  volume={4},
  pages={1205--1210},
  year={2009},
  organization={IEEE}
}
@article{chandrasekar2010,
  title={von Ahn, Front matter},
  author={Chandrasekar, R and Chi, E and Chickering, M and Ipeirotis, PG and Mason, W and Provost, F and Tam, J},
  journal={Proc. SIGKDD HCOMP 2010},
  year={2010}
}
@inproceedings{chen2009,
  title={A crowdsourceable QoE evaluation framework for multimedia content},
  author={Chen, Kuan-Ta and Wu, Chen-Chi and Chang, Yu-Chun and Lei, Chin-Laung},
  booktitle={Proceedings of the 17th ACM international conference on Multimedia},
  pages={491--500},
  year={2009},
  organization={ACM}
}
@inproceedings{chklovski2003,
  title={Learner: a system for acquiring commonsense knowledge by analogy},
  author={Chklovski, Timothy},
  booktitle={Proceedings of the 2nd international conference on Knowledge capture},
  pages={4--12},
  year={2003},
  organization={ACM}
}
@inproceedings{chklovski2005,
  title={Collecting paraphrase corpora from volunteer contributors},
  author={Chklovski, Timothy},
  booktitle={Proceedings of the 3rd international conference on Knowledge capture},
  pages={115--120},
  year={2005},
  organization={ACM}
}
@inproceedings{chklovski2005t,
  title={Towards Managing Knowledge Collection from Volunteer Contributors.},
  author={Chklovski, Timothy and Gil, Yolanda},
  booktitle={AAAI Spring Symposium: Knowledge Collection from Volunteer Contributors},
  pages={21--27},
  year={2005}
}
@article{cooper2010,
  title={Predicting protein structures with a multiplayer online game},
  author={Cooper, Seth and Khatib, Firas and Treuille, Adrien and Barbero, Janos and Lee, Jeehyung and Beenen, Michael and Leaver-Fay, Andrew and Baker, David and Popovi{\'c}, Zoran and others},
  journal={Nature},
  volume={466},
  number={7307},
  pages={756--760},
  year={2010},
  publisher={Nature Publishing Group}
}
@article{cooper2010pre,
  title={Predicting protein structures with a multiplayer online game},
  author={Cooper, Seth and Khatib, Firas and Treuille, Adrien and Barbero, Janos and Lee, Jeehyung and Beenen, Michael and Leaver-Fay, Andrew and Baker, David and Popovi{\'c}, Zoran and others},
  journal={Nature},
  volume={466},
  number={7307},
  pages={756--760},
  year={2010},
  publisher={Nature Publishing Group}
}